@incollection{pcgbook75,
	author={Togelius, Julian and Shaker, Noor and Nelson, Mark J.},
	title={Grammars and L-systems with applications to vegetation and levels},
	booktitle={Procedural Content Generation in Games: A Textbook and an Overview of Current Research},
	editor={Shaker, Noor and Togelius, Julian and Nelson, Mark J.},
	pages={75},
	publisher={Springer},
	year={2016},
	note = "[cit. 2022-01-10]"
}

@incollection{abop7,
	author={Przemyslaw Prusinkiewicz, Aristid Lindenmayer},
	title={Graphical modeling using L-systems},
	booktitle={The Algorithmic Beauty of Plants},
	pages={7},
	publisher={Springer},
	year={1996},
	note = "[cit. 2022-01-10]"
}

@incollection{abop24,
	author={Przemyslaw Prusinkiewicz, Aristid Lindenmayer},
	title={Graphical modeling using L-systems},
	booktitle={The Algorithmic Beauty of Plants},
	pages={24},
	publisher={Springer},
	year={1996},
	note = "[cit. 2022-01-10]"
}

@incollection{abop28,
	author={Przemyslaw Prusinkiewicz, Aristid Lindenmayer},
	title={Graphical modeling using L-systems},
	booktitle={The Algorithmic Beauty of Plants},
	pages={28},
	publisher={Springer},
	year={1996},
	note = "[cit. 2022-01-10]"
}

@incollection{abop57,
	author={Przemyslaw Prusinkiewicz, Aristid Lindenmayer},
	title={Modeling of trees},
	booktitle={The Algorithmic Beauty of Plants},
	pages={57},
	publisher={Springer},
	year={1996},
	note = "[cit. 2022-01-10]"
}

@incollection{gpp_cmd_book,
	author={Robert Nystrom},
	title={Command},
	booktitle={Game Programming Patterns},
	pages={22-25},
	publisher={Genever Benning},
	year={2014},
	note = "[cit. 2022-01-12]"
}

@ONLINE{acacia,
    title = "Fotografie akácie {[online]}",
    organization = "Wikimedia",
    url = "https://commons.wikimedia.org/wiki/File:Umbrella_thorn_acacia_or_israeli_babool_tree_plant_acacia_tortillis.jpg",
    note = "[cit. 2022-01-11]",
}

@ONLINE{gpp_fly,
    title = "Návrhový vzor Flyweight {[online]}",
    organization = "Game Programming Patterns",
    url = "http://gameprogrammingpatterns.com/flyweight.html",
    note = "[cit. 2022-04-13]",
}

@ONLINE{glfw_callback,
    title = "Dokumentace GLFW {[online]}",
    organization = "GLFW",
    url = "https://www.glfw.org/docs/3.3/group__input.html",
    note = "[cit. 2022-01-12]",
}

@ONLINE{lopgl_triangle,
    title = "Learn modern OpenGL graphics programming in a step-by-step fashion {[online]}",
    organization = "Learn OpenGL",
    url = "https://learnopengl.com/Getting-started/Hello-Triangle",
    note = "[cit. 2022-01-16]",
}

@ONLINE{lopgl_instancing,
    title = "Learn modern OpenGL graphics programming in a step-by-step fashion {[online]}",
    organization = "Learn OpenGL",
    url = "https://learnopengl.com/Advanced-OpenGL/Instancing",
    note = "[cit. 2022-01-16]",
}

@ONLINE{lopgl_faceculling,
    title = "Learn modern OpenGL graphics programming in a step-by-step fashion {[online]}",
    organization = "Learn OpenGL",
    url = "https://learnopengl.com/Advanced-OpenGL/Face-culling",
    note = "[cit. 2022-01-17]",
}

@ONLINE{lopgl_blend,
    title = "Learn modern OpenGL graphics programming in a step-by-step fashion {[online]}",
    organization = "Learn OpenGL",
    url = "https://learnopengl.com/Advanced-OpenGL/Blending",
    note = "[cit. 2022-01-17]",
}

@ONLINE{lopgl_basic_light,
    title = "Learn modern OpenGL graphics programming in a step-by-step fashion {[online]}",
    organization = "Learn OpenGL",
    url = "https://learnopengl.com/Lighting/Basic-Lighting",
    note = "[cit. 2022-01-24]",
}

@ONLINE{lopgl_light_maps,
    title = "Learn modern OpenGL graphics programming in a step-by-step fashion {[online]}",
    organization = "Learn OpenGL",
    url = "https://learnopengl.com/Lighting/Lighting-maps",
    note = "[cit. 2022-01-26]",
}

@ONLINE{lopgl_light_casters,
    title = "Learn modern OpenGL graphics programming in a step-by-step fashion {[online]}",
    organization = "Learn OpenGL",
    url = "https://learnopengl.com/Lighting/Light-casters",
    note = "[cit. 2022-01-26]",
}

@ONLINE{lopgl_shadows,
    title = "Learn modern OpenGL graphics programming in a step-by-step fashion {[online]}",
    organization = "Learn OpenGL",
    url = "https://learnopengl.com/Advanced-Lighting/Shadows/Shadow-Mapping",
    note = "[cit. 2022-02-19]",
}

@ONLINE{lopgl_csm,
    title = "Learn modern OpenGL graphics programming in a step-by-step fashion {[online]}",
    organization = "Learn OpenGL",
    url = "https://learnopengl.com/Guest-Articles/2021/CSM",
    note = "[cit. 2022-02-19]",
}

@ONLINE{lopgl_window,
    title = "Learn modern OpenGL graphics programming in a step-by-step fashion {[online]}",
    organization = "Learn OpenGL",
    url = "https://learnopengl.com/Getting-started/Creating-a-window",
    note = "[cit. 2022-02-28]",
}

@ONLINE{kronos_members,
    title = "Členové skupiny Khronos {[online]}",
    organization = "Khronosi",
    url = "https://www.khronos.org/members/list",
    note = "[cit. 2022-04-13]",
}

@ONLINE{kronos_render,
    title = "Dokumentace OpenGL {[online]}",
    organization = "OpenGL Wiki",
    url = "https://www.khronos.org/opengl/wiki/Rendering_Pipeline_Overview",
    note = "[cit. 2022-01-24]",
}

@ONLINE{kronos_tess,
    title = "Dokumentace OpenGL {[online]}",
    organization = "OpenGL Wiki",
    url = "https://www.khronos.org/opengl/wiki/Tessellation",
    note = "[cit. 2022-01-24]",
}

@ONLINE{kronos_frag,
    title = "Dokumentace OpenGL {[online]}",
    organization = "OpenGL Wiki",
    url = "https://www.khronos.org/opengl/wiki/Fragment",
    note = "[cit. 2022-01-24]",
}

@ONLINE{kronos_array_texture,
    title = "Dokumentace OpenGL {[online]}",
    organization = "OpenGL Wiki",
    url = "https://www.khronos.org/opengl/wiki/Array_Texture",
    note = "[cit. 2022-01-24]",
}

@ONLINE{kronos_3d_texture,
    title = "Dokumentace OpenGL {[online]}",
    organization = "OpenGL Wiki",
    url = "https://www.khronos.org/registry/OpenGL-Refpages/gl4/html/glTexImage3D.xhtml",
    note = "[cit. 2022-01-24]",
}

@ONLINE{kronos_eft,
    title = "Dokumentace OpenGL {[online]}",
    organization = "OpenGL Wiki",
    url = "https://www.khronos.org/opengl/wiki/Early_Fragment_Test",
    note = "[cit. 2022-02-27]",
}

@ONLINE{kronos_counter,
    title = "Dokumentace OpenGL {[online]}",
    organization = "OpenGL Wiki",
    url = "https://www.khronos.org/registry/OpenGL-Refpages/gl4/html/glQueryCounter.xhtml",
    note = "[cit. 2022-02-27]",
}

@ONLINE{kronos_load_lib,
    title = "Dokumentace OpenGL {[online]}",
    organization = "OpenGL Wiki",
    url = "https://www.khronos.org/opengl/wiki/OpenGL_Loading_Library",
    note = "[cit. 2022-03-28]",
}

@ONLINE{kronos_glsl,
    title = "Dokumentace OpenGL {[online]}",
    organization = "OpenGL Wiki",
    url = "https://www.khronos.org/opengl/wiki/OpenGL_Shading_Language",
    note = "[cit. 2022-04-1]",
}

@ONLINE{unbound_texture,
    title = "Čtení z nenastavené textury {[online]}",
    organization = "Stack Overflow",
    url = "https://stackoverflow.com/questions/28411686/opengl-reading-from-unbound-texture-unit",
    note = "[cit. 2022-01-26]",
}

@ONLINE{ogre_att,
    title = "Útlum světla v závislosti na vzdálenosti {[online]}",
    organization = "OGRE Wiki",
    url = "https://wiki.ogre3d.org/tiki-index.php?page=-Point+Light+Attenuation",
    note = "[cit. 2022-01-26]",
}

@ONLINE{timer,
    title = "Časové dotazy OpenGL {[online]}",
    organization = "Lighthouse3D",
    url = "http://www.lighthouse3d.com/tutorials/opengl-timer-query/",
    note = "[cit. 2022-02-27]",
}

@book{gea_11,
	author={Jason Gregory},
	title={Game Engine Architecture, Third Edition},
	pages={11},
	publisher={A K Peters/CRC Press},
	year={2018},
	edition = {3},
	note = "[cit. 2022-03-28]"
}

@book{gea_engine_arch,
	author={Jason Gregory},
	title={Game Engine Architecture, Third Edition},
	pages={38--59},
	publisher={A K Peters/CRC Press},
	year={2018},
	edition = {3},
	note = "[cit. 2022-03-28]"
}

@ONLINE{godot_intro,
    title = "Úvod do dokumentace Godot enginu {[online]}",
    organization = "Godot",
    url = "https://docs.godotengine.org/en/stable/about/introduction.html",
    note = "[cit. 2022-03-28]",
}

@ONLINE{engines,
    title = "Sedm nejlepších herních enginů roku 2021 {[online]}",
    organization = "Incredibuild",
    url = "https://www.incredibuild.com/blog/top-7-gaming-engines-you-should-consider-for-2020",
    note = "[cit. 2022-03-28]",
}

@ONLINE{voxel_js,
    title = "voxel.js {[online]}",
    organization = "voxel.js",
    url = "http://www.voxeljs.com/",
    note = "[cit. 2022-03-28]",
}

@ONLINE{voxel_farm,
    title = "Voxel Farm {[online]}",
    organization = "Voxel Farm",
    url = "https://www.voxelfarm.com/gaming.html",
    note = "[cit. 2022-03-28]",
}

@ONLINE{voxel_engines,
    title = "Přehled voxelových enginů {[online]}",
    organization = "Game designing",
    url = "https://www.gamedesigning.org/engines/voxel/",
    note = "[cit. 2022-03-28]",
}

@ONLINE{glm_main,
    title = "Dokumentace GLM {[online]}",
    organization = "OpenGL Mathematics",
    url = "https://glm.g-truc.net/0.9.5/api/index.html",
    note = "[cit. 2022-04-1]",
}

@ONLINE{stb_image,
    title = "Použití stb image {[online]}",
    organization = "stb",
    url = "https://github.com/nothings/stb/blob/af1a5bc352164740c1cc1354942b1c6b72eacb8a/stb_image.h\#L20",
    note = "[cit. 2022-04-1]",
}

@ONLINE{perlin,
    title = "Knihovna implementující Perlinův šum {[online]}",
    organization = "Ryo Suzuki",
    url = "https://github.com/Reputeless/PerlinNoise",
    note = "[cit. 2022-04-1]",
}

@ONLINE{simplex_lib,
    title = "Knihovna implementující Simplex šum {[online]}",
    organization = "Aaron Kriegman",
    url = "https://github.com/akriegman/SimplexNoise",
    note = "[cit. 2022-04-13]",
}

@ONLINE{sqr_noise,
    title = "Záznam konference o RNG založených na šumu {[online]}",
    organization = "GDC",
    url = "https://youtu.be/LWFzPP8ZbdU?t=2797",
    note = "[cit. 2022-04-10]",
}

@ONLINE{perlin_noise,
    title = "Vylepšený Perlinův šum {[online]}",
    organization = "Ken Perlin",
    url = "https://mrl.cs.nyu.edu/~perlin/paper445.pdf",
    note = "[cit. 2022-04-10]",
}

@ONLINE{patent,
    title = "Patent Simplex šumu {[online]}",
    organization = "Google",
    url = "https://patents.google.com/patent/US6867776B2/en",
    note = "[cit. 2022-04-10]",
}

@ONLINE{simplex_perlin,
    title = "Porovnání Perlinova a Simplex šumu {[online]}",
    organization = "BIT 101",
    url = "https://www.bit-101.com/blog/2021/07/perlin-vs-simplex/",
    note = "[cit. 2022-04-10]",
}

@ONLINE{whitt,
    title = "Whittakerův systém biotopů {[online]}",
    organization = "Univerzita Miami",
    url = "http://www.bio.miami.edu/dana/330/330F19_9.html",
    note = "[cit. 2022-04-10]",
}

@ONLINE{whitt_image,
    title = "Obrázek Whittakerova systému biotopů {[online]}",
    organization = "Wikimedia",
    url = "https://commons.wikimedia.org/w/index.php?curid=61120531",
    note = "[cit. 2022-04-10]",
}

@ONLINE{ecs,
    title = "Entity Component System {[online]}",
    organization = "Guru99",
    url = "https://www.guru99.com/entity-component-system.html",
    note = "[cit. 2022-04-13]",
}
